<?xml version="1.0" encoding="UTF-8"?>
<collection xmlns:xsi="http://www.w3.org/2001/XMLSchema-instance" xsi:schemaLocation="http://www.loc.gov/MARC21/slim http://www.loc.gov/standards/marcxml/schema/MARC21slim.xsd" xmlns="http://www.loc.gov/MARC21/slim">
<record>
  <leader>00936cam a2200253 a 4500</leader>
  <controlfield tag="001">3238936</controlfield>
  <controlfield tag="003">NNC</controlfield>
  <controlfield tag="005">20151019143224.0</controlfield>
  <controlfield tag="008">870615s1927    ua            000 0 arard</controlfield>
  <datafield tag="010" ind1=" " ind2=" ">
    <subfield code="a">   59034970 </subfield>
  </datafield>
  <datafield tag="035" ind1=" " ind2=" ">
    <subfield code="a">(OCoLC)ocm15973340</subfield>
  </datafield>
  <datafield tag="035" ind1=" " ind2=" ">
    <subfield code="9">AUL2312CU</subfield>
  </datafield>
  <datafield tag="035" ind1=" " ind2=" ">
    <subfield code="a">(NNC)3238936</subfield>
  </datafield>
  <datafield tag="040" ind1=" " ind2=" ">
    <subfield code="a">WAU</subfield>
    <subfield code="c">WAU</subfield>
    <subfield code="d">DRP</subfield>
    <subfield code="d">ZCU</subfield>
  </datafield>
  <datafield tag="043" ind1=" " ind2=" ">
    <subfield code="a">a-ye---</subfield>
  </datafield>
  <datafield tag="050" ind1=" " ind2=" ">
    <subfield code="a">DS247.Y45</subfield>
    <subfield code="b">W3</subfield>
  </datafield>
  <datafield tag="099" ind1=" " ind2=" ">
    <subfield code="a">893.713</subfield>
    <subfield code="a">Ab3</subfield>
  </datafield>
  <datafield tag="100" ind1="1" ind2=" ">
    <subfield code="a">Wāsiʻī, ʻAbd al-Wāsiʻ ibn Yaḥyá.</subfield>
  </datafield>
  <datafield tag="245" ind1="1" ind2="0">
    <subfield code="a">Tārīkh al-Yaman :</subfield>
    <subfield code="b">al-musammá Furjat al-humūm wa-al-ḥuzn fī ḥawādith wa-tārīkh al-Yaman /</subfield>
    <subfield code="c">taʾlīf ʻAbd al-Wāsiʻ ibn Yaḥyá al-Wāsiʻī al-Yamānī.</subfield>
  </datafield>
  <datafield tag="260" ind1=" " ind2=" ">
    <subfield code="a">al-Qāhirah :</subfield>
    <subfield code="b">al-Maṭbaʻah Salafīyah wa-Maktabatuhā,</subfield>
    <subfield code="c">1346 [1927 or 1928]</subfield>
  </datafield>
  <datafield tag="300" ind1=" " ind2=" ">
    <subfield code="a">400 p. ; 20 cm.</subfield>
  </datafield>
  <datafield tag="651" ind1=" " ind2="0">
    <subfield code="a">Yemen (Republic)</subfield>
    <subfield code="x">History.</subfield>
  </datafield>
  <datafield tag="740" ind1="0" ind2=" ">
    <subfield code="a">Furjat al-humūm wa-al-ḥazan fī ḥawādith wa-tāʾrīkh al-Yaman.</subfield>
  </datafield>
  <datafield tag="955" ind1=" " ind2=" ">
    <subfield code="b">CU07841167</subfield>
    <subfield code="d">off,glx</subfield>
    <subfield code="e">893.713 Ab3</subfield>
  </datafield>
</record>
</collection>